%% This BibTeX bibliography file was created using BibDesk.
%% http://bibdesk.sourceforge.net/


%% Created for Norman Gray at 2006-11-28 21:32:14 +0000 


%% Saved with string encoding Western (ASCII) 



@webpage{app:pellet,
	Date-Added = {2006-11-28 21:28:23 +0000},
	Date-Modified = {2006-11-28 21:30:16 +0000},
	Title = {Pellet: An OWL DL Reasoner},
	Url = {http://pellet.owldl.com/}}

@webpage{app:jena,
	Date-Added = {2006-11-28 21:26:39 +0000},
	Date-Modified = {2006-11-28 21:27:35 +0000},
	Title = {Jena -- A Semantic Web Framework for Java},
	Url = {http://jena.sourceforge.net/}}

@misc{w3c:swbp,
	Author = {Alistair Miles and Thomas Baker and Ralph Swick},
	Date-Added = {2006-11-28 17:22:06 +0000},
	Date-Modified = {2006-11-28 21:22:48 +0000},
	Howpublished = {{W3C} Working Draft},
	Month = {mar},
	Title = {Best Practice Recipes for Publishing {RDF} Vocabularies},
	Url = {http://www.w3.org/TR/swbp-vocab-pub/},
	Year = {2006}}

@misc{std:xmlns,
	Author = {Tim Bray and Dave Hollander and Andrew Layman and Richard Tobin},
	Date-Added = {2006-11-28 12:33:47 +0000},
	Date-Modified = {2006-11-28 13:16:53 +0000},
	Howpublished = {{W3C} Recommendation},
	Month = {aug},
	Title = {Namespaces in XML 1.0 (Second Edition)},
	Url = {http://www.w3.org/TR/REC-xml-names/},
	Year = {2006}}

@misc{std:characterisation,
	Author = {{IVOA Data Model Working Group}},
	Date-Added = {2006-11-28 11:51:41 +0000},
	Date-Modified = {2006-11-28 11:55:35 +0000},
	Editor = {Jonathan McDowell and Fran{\c c}ois Bonnarel and Igor Chilingariann and Mireille Louys and Alberto Micol and Anita Richards},
	Howpublished = {{IVOA} Note},
	Institution = {{IVOA}},
	Month = {feb},
	Title = {Data Model for Astronomical DataSet Characterisation},
	Url = {http://www.ivoa.net/Documents/latest/DMAstroDS.html},
	Year = {2006}}

@misc{std:sia,
	Author = {Doug Tody and Ray Plante},
	Date-Added = {2006-11-28 11:31:47 +0000},
	Date-Modified = {2006-11-28 11:55:35 +0000},
	Howpublished = {{IVOA} Working Draft},
	Institution = {{IVOA}},
	Lastchecked = {2006-11-28},
	Month = {may},
	Title = {Simple Image Access Specification},
	Url = {http://www.ivoa.net/Documents/latest/SIA.html},
	Year = {2004}}
