
@webpage{	  protege07,
  date-added	= {2007-09-14 16:17:45 +0100},
  date-modified	= {2007-09-14 16:19:18 +0100},
  lastchecked	= {14 sep 2007},
  title		= {The {Prot\'eg\'e} Ontology Editor and Knowledge Aquisition
		  System},
  url		= {http://protege.stanford.edu/},
  year		= {2007}
}

@Misc{		  std:ivoa-astro-onto,
  author	= {L. Cambr{\'e}sy and S. Derriere and P. Padovani and A.
		  Preite Martinez and A. Richard },
  date-added	= {2007-09-14 14:46:58 +0100},
  date-modified	= {2007-09-14 14:48:30 +0100},
  howpublished	= {{IVOA Working Draft}},
  title		= {Ontology of Astronomical Object Types},
  url		= {http://www.ivoa.net/Documents/latest/AstrObjectOntology.html}
		  ,
  year		= {2007}
}

@InCollection{	  baader04,
  author	= {Franz Baader and Ian Horrocks and Ulrike Sattler},
  booktitle	= {Handbook on Ontologies},
  chapter	= {1},
  crossref	= {staab04},
  date-added	= {2007-09-14 14:41:58 +0100},
  date-modified	= {2007-09-14 14:59:04 +0100},
  pages		= {3-28},
  title		= {Description Logics}
}

@book{staab04,
        Date-Added = {2007-09-14 14:37:22 +0100},
        Date-Modified = {2007-09-14 14:39:11 +0100},
        Editor = {Steffen Staab and Rudi Studer},
        Isbn = {3-540-40834-7},
        Publisher = {Springer Verlag},
        Series = {International Handbooks on Information Systems},
        Title = {Handbook on Ontologies},
        Year = {2004}}

@Article{	  gruber93,
  author	= {T Gruber},
  date-added	= {2007-09-14 14:05:18 +0100},
  date-modified	= {2007-09-14 14:12:56 +0100},
  doi		= {10.1006/knac.1993.1008},
  journal	= {Knowledge Acquisition},
  number	= {2},
  pages		= {199-220},
  title		= {A Translation Approach to Portable Ontology
		  Specification},
  volume	= {5},
  year		= {1993}
}

@Misc{		  std:xquery,
  author	= {Scott Boag and Don Chamberlin and Mary F. Fern{\'a}ndez
		  and Daniela Florescu and Jonathan Robie and J{\'e}r{\^o}me
		  Sim{\'e}on},
  date-added	= {2007-09-14 13:58:58 +0100},
  date-modified	= {2007-09-14 14:01:31 +0100},
  howpublished	= {{W3C Recommendation}},
  month		= {jan},
  title		= {{XQuery} 1.0: An {XML} Query Language},
  url		= {http://www.w3.org/TR/xquery/},
  year		= {2007}
}

@Misc{		  std:voresource,
  author	= {Raymond Plante and Kevin Benson and Matthew Graham and
		  Gretchen Greene and Paul Harrison and Gerard Lemson and
		  Tony Linde and Guy Rixon and Aurelien Stebe and {IVOA
		  Resource Registry Working Group}},
  date-added	= {2007-09-14 13:53:58 +0100},
  date-modified	= {2007-09-14 13:55:58 +0100},
  howpublished	= {{IVOA} Proposed Recommendation},
  title		= {{VOResource}: an {XML} Encoding Schema for Resource
		  Metadata},
  url		= {http://www.ivoa.net/Documents/latest/VOResource.html},
  year		= {2007}
}

@Misc{		  std:regint,
  author	= {Kevin Benson and Elizabeth Auden and Matthew Graham and
		  Gretchen Greene and Martin Hill and Tony Linde and Dave
		  Morris and Wil O'Mullane and Ray Plante and Guy Rixon and
		  Kona Andrews},
  date-added	= {2007-09-14 13:50:49 +0100},
  date-modified	= {2007-09-14 13:57:09 +0100},
  howpublished	= {{IVOA Working Draft}},
  title		= {{IVOA} Registry Interfaces},
  url		= {http://www.ivoa.net/Documents/latest/RegistryInterface.html}
		  ,
  year		= {2006}
}

@Misc{		  std:rm,
  author	= {Robert Hanisch and {IVOA Resource Registry Working Group}
		  and {NVO Metadata Working Group}},
  date-added	= {2007-09-14 13:48:53 +0100},
  date-modified	= {2007-09-14 13:50:25 +0100},
  howpublished	= {{IVOA Recommendation}},
  month		= {mar},
  title		= {Resource Metadata for the Virtual Observatory},
  url		= {http://www.ivoa.net/Documents/latest/RM.html},
  year		= {2007}
}

@Misc{		  std:rdfs,
  author	= {Dan Brickley and R V Guha},
  date-added	= {2006-11-28 17:24:53 +0000},
  date-modified	= {2006-11-28 21:22:14 +0000},
  howpublished	= {{W3C} Recommendation},
  month		= {feb},
  title		= {{RDF} Vocabulary Description Language 1.0: {RDF Schema}},
  url		= {http://www.w3.org/TR/rdf-schema/},
  year		= {2004}
}

@Misc{		  std:sparql,
  author	= {Eric Prud'hommeaux and Andy Seaborne},
  date-added	= {2006-04-04 17:27:18 +0100},
  date-modified	= {2006-04-13 17:20:59 +0100},
  howpublished	= {{W3C} Candidate Recommendation},
  month		= {apr},
  organization	= {World Wide Web Consortium},
  title		= {{SPARQL} Query Language for {RDF}},
  url		= {http://www.w3.org/TR/rdf-sparql-query/},
  year		= {2006}
}

@webpage{	  std:rdf,
  author	= {{World Wide Web Consortium}},
  date-added	= {2006-03-01 16:09:27 +0000},
  date-modified	= {2006-11-28 21:21:10 +0000},
  lastchecked	= {February 2005},
  title		= {{Resource Description Framework}},
  url		= {http://www.w3.org/RDF/}
}

@webpage{	  std:owl,
  author	= {{World Wide Web Consortium}},
  date-added	= {2005-07-05 09:51:06 +0100},
  date-modified	= {2006-04-04 18:51:53 +0100},
  editor	= {Deborah L. McGuinness and van Harmelen, Frank},
  institution	= {World Wide Web Consortium},
  month		= {February},
  title		= {The Web Ontology Language},
  type		= {{W3C} Recommendation},
  url		= {http://www.w3.org/2004/OWL/},
  year		= {2004}
}
